@inproceedings{goodspeed2011packets,
  title={Packets in Packets: Orson Welles' In-Band Signaling Attacks for Modern Radios.},
  author={Goodspeed, Travis and Bratus, Sergey and Melgares, Ricky and Shapiro, Rebecca and Speers, Ryan},
  booktitle={WOOT},
  pages={54--61},
  year={2011}
}

@article{butti2008discovering,
  title={Discovering and exploiting 802.11 wireless driver vulnerabilities},
  author={Butti, Laurent and Tinn{\`e}s, Julien},
  journal={Journal in Computer Virology},
  volume={4},
  number={1},
  pages={25--37},
  year={2008},
  publisher={Springer}
}

@inproceedings{bellardo2003802,
  title={802.11 Denial-of-Service Attacks: Real Vulnerabilities and Practical Solutions.},
  author={Bellardo, John and Savage, Stefan},
  booktitle={USENIX security},
  pages={15--28},
  year={2003}
}

@inproceedings{martinovic2008wireless,
  title={Wireless client puzzles in IEEE 802.11 networks: security by wireless},
  author={Martinovic, Ivan and Zdarsky, Frank A and Wilhelm, Matthias and Wegmann, Christian and Schmitt, Jens B},
  booktitle={Proceedings of the first ACM conference on Wireless network security},
  pages={36--45},
  year={2008},
  organization={ACM}
}

@article{aijaz2006attacks,
  title={Attacks on inter vehicle communication systems-an analysis},
  author={Aijaz, Amer and Bochow, Bernd and D{\"o}tzer, Florian and Festag, Andreas and Gerlach, Matthias and Kroh, Rainer and Leinm{\"u}ller, Tim},
  journal={Proc. WIT},
  pages={189--194},
  year={2006}
}

@article{karagiannis2011vehicular,
  title={Vehicular networking: A survey and tutorial on requirements, architectures, challenges, standards and solutions},
  author={Karagiannis, Georgios and Altintas, Onur and Ekici, Eylem and Heijenk, Geert and Jarupan, Boangoat and Lin, Kenneth and Weil, Timothy},
  journal={Communications Surveys \& Tutorials, IEEE},
  volume={13},
  number={4},
  pages={584--616},
  year={2011},
  publisher={IEEE}
}

@article{ieee11802,
  title="{802.11p 2010 IEEE Standard for Information Technology Local and Metropolitan Area Networks Specific Requirements Part 11: Wireless LAN Medium Access Control (MAC) and Physical Layer (PHY) Specifications Amendment 6: Wireless Access In Vehicular Environments}",
  author="{IEEE Standards Association and others}",
  journal={URL http://standards.ieee.org/findstds/standard/802.11p-2010.html}
}